%% This BibTeX bibliography file was created using BibDesk.
%% http://bibdesk.sourceforge.net/


%% Created for Lauro Cesar Araujo at 2015-04-27 19:43:45 -0300 


%% Saved with string encoding Unicode (UTF-8) 




@ARTICLE{Agosto1970,
       author = {{Cannon}, R.~D. and {Lloyd}, C. and {Penston}, M.~V.},
        title = {Ring galaxies},
      journal = {The Observatory},
         year = 1970,
        month = aug,
       volume = {90},
        pages = {153-154},
       adsurl = {https://ui.adsabs.harvard.edu/abs/1970Obs....90..153C},
      adsnote = {Provided by the SAO/NASA Astrophysics Data System}
}

@ARTICLE{Appleton96,
       author = {{Appleton}, P.~N. and {Struck-Marcell}, C.},
        title = {Collisional Ring Galaxies},
     keywords = {INTERACTING GALAXIES, COLLIDING GALAXIES, STAR FORMATION IN GALAXIES, RING GALAXIES, DYNAMICS OF INTERACTING SYSTEMS, STARBURST ACTIVITY IN GALAXIES},
         year = 1996,
        month = jan,
       volume = {16},
        pages = {111-220},
       adsurl = {https://ui.adsabs.harvard.edu/abs/1996FCPh...16..111A},
      adsnote = {Provided by the SAO/NASA Astrophysics Data System}
}

@ARTICLE{2009madore,
       author = {{Madore}, Barry F. and {Nelson}, Erica and {Petrillo}, Kristen},
        title = {Atlas and Catalog of Collisional Ring Galaxies},
     keywords = {galaxies: interactions, galaxies: luminosity function, mass function, galaxies: peculiar, Astrophysics - Cosmology and Extragalactic Astrophysics, Astrophysics - Galaxy Astrophysics},
         year = 2009,
        month = apr,
       volume = {181},
       number = {2},
        pages = {572-604},
          doi = {10.1088/0067-0049/181/2/572},
archivePrefix = {arXiv},
       eprint = {0902.4629},
 primaryClass = {astro-ph.CO},
       adsurl = {https://ui.adsabs.harvard.edu/abs/2009ApJS..181..572M},
      adsnote = {Provided by the SAO/NASA Astrophysics Data System}
}

@BOOK{1987arpmadore,
       author = {{Arp}, Halton C. and {Madore}, B.},
        title = {A catalogue of southern peculiar galaxies and associations},
         year = 1987,
       adsurl = {https://ui.adsabs.harvard.edu/abs/1987cspg.book.....A},
      adsnote = {Provided by the SAO/NASA Astrophysics Data System}
}

@BOOK{1755Kant,
   Address = {Alemanha}, 
   author = {{Kant}, Immanuel},
    title = {Allgemeine Naturgeschichte und Theorie des Himmels},
    year = {1755},
}

@ARTICLE{1908Leavitt,
       author = {{Leavitt}, Henrietta S.},
        title = {1777 variables in the Magellanic Clouds},
      journal = {Annals of Harvard College Observatory},
         year = 1908,
        month = jan,
       volume = {60},
        pages = {87-108.3},
       adsurl = {https://ui.adsabs.harvard.edu/abs/1908AnHar..60...87L},
      adsnote = {Provided by the SAO/NASA Astrophysics Data System}
}

@BOOK{hubble1936,
       author = {{Hubble}, E. P.},
        title = {Realm of the Nebulae},
         year = {1936},
      address = {New Heaven},
    publisher = {Yale University Press},
       adsurl = {https://ui.adsabs.harvard.edu/abs/1936rene.book.....H},
      adsnote = {Provided by the SAO/NASA Astrophysics Data System}
}

@ARTICLE{Barnes1996,
       author = {{Barnes}, Joshua E. and {Hernquist}, Lars},
        title = {Transformations of Galaxies. II. Gasdynamics in Merging Disk Galaxies},
     keywords = {GALAXIES: INTERACTIONS, GALAXIES: STRUCTURE, HYDRODYNAMICS, METHODS: NUMERICAL},
         year = 1996,
        month = nov,
       volume = {471},
        pages = {115},
          doi = {10.1086/177957},
       adsurl = {https://ui.adsabs.harvard.edu/abs/1996ApJ...471..115B},
      adsnote = {Provided by the SAO/NASA Astrophysics Data System}
}

@ARTICLE{2023Kepler,
       author = {{Filho}, K de S. O. and {Saraiva}, M. de F. O},
        title = {Galáxias},
      address = {Rio Grande do Sul},
         year = 2023,
       adsurl = {http://astro.if.ufrgs.br/galax/index.htm},
          Url = {http://astro.if.ufrgs.br/galax/index.htm},
Urlaccessdate = {28 set 2023},
    publisher = {Instituto de Física. Universidade Federal do Rio Grande do Sul},
      adsnote = {Universidade Federal do Rio Grande do Sul}
}

@ARTICLE{1966Arp,
       author = {{Arp}, Halton},
        title = {Atlas of Peculiar Galaxies},
         year = 1966,
        month = nov,
          doi = {10.1086/190147},
       adsurl = {https://ui.adsabs.harvard.edu/abs/1966ApJS...14....1A},
      adsnote = {Provided by the SAO/NASA Astrophysics Data System}
}

@ARTICLE{2023Muller,
       author = {{Saraiva}, Maria de F. O. and {Filho}, Kepler de S. O. and {Müller}, Alexei M.},
        title = {Galáxias},
      address = {Rio Grande do Sul},
         year = 2023,
       adsurl = {https://www.if.ufrgs.br/~fatima/fis2010/Aula23-132.pdf},
          Url = {https://www.if.ufrgs.br/~fatima/fis2010/Aula23-132.pdf},
Urlaccessdate = {28 set 2023},
    publisher = {Instituto de Física. Universidade Federal do Rio Grande do Sul},
      adsnote = {Universidade Federal do Rio Grande do Sul}
}
	
@ARTICLE{2016lago,
       author = {{Lago}, Paulo Jakson A. and {Poppe}, Paulo César da R. and {Martin}, Vera Aparecida F. and {Faundez-Abans}, M. and {Abans}, Mariângela O.},
        title = {Espectroscopia da galáxia anelada peculiar FM 529-9},
      address = {XXVI Encontro de Físicos do Norte e Nordeste / ID: 159-1 1},
         year = 2016,
    publisher = {UEFS - Departamento de Física e Observatório Astronômico Antares e MCT/Laboratório Nacional de Astrofísica},
      adsnote = {UEFS - Departamento de Física e Observatório Astronômico Antares e MCT/Laboratório Nacional de Astrofísica}
}

@article{2011fogarty,
    author = {{Fogarty}, L. and {Thatte}, N. and {Tecza}, M. and {Clarke}, F. and {Goodsall}, T. and {Houghton}, R. and {Salter}, G. and {Davies}, R. L. and {Kassin}, S. A.},
    title = "{SWIFT observations of the Arp 147 ring galaxy system}",
    journal = {Monthly Notices of the Royal Astronomical Society},
    volume = {417},
    number = {2},
    pages = {835-844},
    year = 2011,
    month = {10},
    abstract = "{We present observations of Arp 147, a galaxy system comprising a collisionally created ring galaxy and an early-type galaxy, using the Oxford SWIFT integral field spectrograph (IFS) at the 200-inch Hale telescope. We derive spatially resolved kinematics from the IFS data and use these to study the interaction between the two galaxies. We find the edge-to-edge expansion velocity of the ring is 225 ± 8 km s−1, implying an upper limit on the time-scale for the collision of 50 Myr. We also calculate that the angle of impact for the collision is between , where 0° would imply a perpendicular collision. The ring galaxy is strongly star forming with the star formation likely to have been triggered by the collision between the two galaxies.We also measure some key physical parameters in an integrated and spatially resolved manner for the ring galaxy. Using the observed B−I colours and the Hα equivalent widths, we conclude that two stellar components (a young and an old population) are required everywhere in the ring to simultaneously match both observed quantities. We are able to constrain the age range, light and mass fractions of the young star formation activity in the ring, finding a modest age range, a light fraction of less than a third, and a negligible (\\&lt;1 per cent) mass fraction. We postulate that the redder colours observed in the south-east corner of the ring galaxy could correspond to the nuclear bulge of the original disc galaxy from which the ring was created, consistent with the stellar mass in the south-east quadrant being 30–50 per cent of the total. The ring appears to have been a typical disc galaxy prior to the encounter.The ring shows electron densities consistent with typical values for star-forming H ii regions. The eastern half of the ring exhibits a metallicity a factor of ∼2 higher than the western half. The ionization parameter, measured across the ring, roughly follows the previously observed trend with metallicity.}",
    issn = {0035-8711},
    doi = {10.1111/j.1365-2966.2011.19066.x},
    url = {https://doi.org/10.1111/j.1365-2966.2011.19066.x},
    eprint = {https://academic.oup.com/mnras/article-pdf/417/2/835/3057648/mnras0417-0835.pdf},
}

@ARTICLE{1998abans,
       author = {{Fa{\'u}ndez-Abans}, M. and {de Oliveira-Abans}, M.},
        title = "{On the morphology of peculiar ring galaxies}",
     keywords = {GALAXIES: PECULIAR, FUNDAMENTAL PARAMETERS, STRUCTURE},
         year = 1998,
        month = apr,
       volume = {129},
        pages = {357-361},
          doi = {10.1051/aas:1998191},
       adsurl = {https://ui.adsabs.harvard.edu/abs/1998A&AS..129..357F},
      adsnote = {Provided by the SAO/NASA Astrophysics Data System}
}


@ARTICLE{1986Madore,
       author = {{Few}, Jane M.~A. and {Madore}, Barry F.},
        title = "{Ring galaxies- II. Classification and statistics}",
     keywords = {Astronomical Models, Classifying, Galactic Structure, Ring Galaxies, Astronomical Catalogs, Barred Galaxies, Cosmology, Density Wave Model, Galactic Clusters, Astronomy},
         year = 1986,
        month = oct,
       volume = {222},
        pages = {673-682},
          doi = {10.1093/mnras/222.4.673},
       adsurl = {https://ui.adsabs.harvard.edu/abs/1986MNRAS.222..673F},
      adsnote = {Provided by the SAO/NASA Astrophysics Data System}
}


@ARTICLE{1995Buta,
       author = {{Buta}, R.},
        title = "{The Catalog of Southern Ringed Galaxies}",
     keywords = {Astronomical Catalogs, Ring Galaxies, Sky Surveys (Astronomy), Southern Hemisphere, Statistical Analysis, Barred Galaxies, Gravitational Effects, Gravitational Lenses, Morphology, Astronomy, CATALOGS, GALAXIES: STRUCTURE, GALAXIES: FUNDAMENTAL PARAMETERS},
         year = 1995,
        month = jan,
       volume = {96},
        pages = {39},
          doi = {10.1086/192113},
       adsurl = {https://ui.adsabs.harvard.edu/abs/1995ApJS...96...39B},
      adsnote = {Provided by the SAO/NASA Astrophysics Data System}
}

@INPROCEEDINGS{1995AIPC,
       author = {{Sackett}, Penny D. and {Pogge}, Richard W.},
        title = "{Another flattened dark halo: Polar ring galaxy A0136-0801}",
     keywords = {95.35.+d, 98.62.Gq, Dark matter, Galactic halos, Astrophysics},
    booktitle = {Dark Matter},
         year = 1995,
       editor = {{Holt}, Stephen S. and {Bennett}, Charles L.},
       series = {American Institute of Physics Conference Series},
       volume = {336},
        month = jul,
        pages = {141-144},
          doi = {10.1063/1.48388},
archivePrefix = {arXiv},
       eprint = {astro-ph/9412011},
 primaryClass = {astro-ph},
       adsurl = {https://ui.adsabs.harvard.edu/abs/1995AIPC..336..141S},
      adsnote = {Provided by the SAO/NASA Astrophysics Data System}
}

@ARTICLE{2009A&A,
       author = {{Fa{\'u}ndez-Abans}, M. and {Fernandes}, I.~F. and {de Oliveira-Abans}, M. and {Poppe}, P.~C.~R. and {Martin}, V.~A.~F.},
        title = "{The ring galaxy HRG 54 103: a first study}",
     keywords = {galaxies: Seyfert, galaxies: photometry, galaxies: kinematics and dynamics, galaxies: individual: HRG 54103, galaxies: active, galaxies: peculiar},
         year = 2009,
        month = dec,
       volume = {507},
       number = {3},
        pages = {1303-1311},
          doi = {10.1051/0004-6361/200811045},
       adsurl = {https://ui.adsabs.harvard.edu/abs/2009A&A...507.1303F},
      adsnote = {Provided by the SAO/NASA Astrophysics Data System}
}

@BOOK{2000dyga,
       author = {{Bertin}, Giuseppe},
        title = "{Dynamics of Galaxies}",
         year = 2000,
       adsurl = {https://ui.adsabs.harvard.edu/abs/2000dyga.book.....B},
      adsnote = {Provided by the SAO/NASA Astrophysics Data System}
}

@BOOK{1987bin,
       author = {{Binney}, James and {Tremaine}, Scott},
        title = "{Galactic dynamics}",
         year = 1987,
       adsurl = {https://ui.adsabs.harvard.edu/abs/1987gady.book.....B},
      adsnote = {Provided by the SAO/NASA Astrophysics Data System}
}

@ARTICLE{1983AJ,
       author = {{Schweizer}, F. and {Whitmore}, B.~C. and {Rubin}, V.~C.},
        title = "{Colliding and merging galaxies. II. SO galaxies with polar rings.}",
     keywords = {Astronomical Spectroscopy, Disk Galaxies, Galactic Evolution, Galactic Structure, Astronomical Photography, Galactic Rotation, Mass To Light Ratios, Mass Transfer, Precession, Astrophysics},
         year = 1983,
        month = jul,
       volume = {88},
        pages = {909-925},
          doi = {10.1086/113377},
       adsurl = {https://ui.adsabs.harvard.edu/abs/1983AJ.....88..909S},
      adsnote = {Provided by the SAO/NASA Astrophysics Data System}
}

@ARTICLE{1987sch,
       author = {{Schweizer}, Francois and {Ford}, W. Kent, Jr. and {Jedrzejewski}, Robert and {Giovanelli}, Riccardo},
        title = "{The Structure and Evolution of Hoag's Object}",
     keywords = {Astronomical Photometry, Astronomical Spectroscopy, Disk Galaxies, Galactic Evolution, Galactic Structure, Brightness, Centimeter Waves, Kinematics, Optical Emission Spectroscopy, Radial Velocity, Astrophysics, GALAXIES: EVOLUTION, GALAXIES: INDIVIDUAL NAME: HOAG'S OBJECT, GALAXIES: PHOTOMETRY, GALAXIES: STRUCTURE, RADIO SOURCES: 21 CM RADIATION},
         year = 1987,
        month = sep,
       volume = {320},
        pages = {454},
          doi = {10.1086/165562},
       adsurl = {https://ui.adsabs.harvard.edu/abs/1987ApJ...320..454S},
      adsnote = {Provided by the SAO/NASA Astrophysics Data System}
}

@ARTICLE{2018MNRAS.476.3269B,
       author = {{Bannikova}, Elena Yu},
        title = "{The structure and stability of orbits in Hoag-like ring systems}",
     keywords = {gravitation, galaxies: kinematics and dynamics, Astrophysics - Astrophysics of Galaxies},
         year = 2018,
        month = may,
       volume = {476},
       number = {3},
        pages = {3269-3277},
          doi = {10.1093/mnras/sty444},
archivePrefix = {arXiv},
       eprint = {1803.02346},
 primaryClass = {astro-ph.GA},
       adsurl = {https://ui.adsabs.harvard.edu/abs/2018MNRAS.476.3269B},
      adsnote = {Provided by the SAO/NASA Astrophysics Data System}
}

@ARTICLE{2011MNRAS.418.1834F,
       author = {{Finkelman}, Ido and {Moiseev}, Alexei and {Brosch}, Noah and {Katkov}, Ivan},
        title = "{Hoag's Object: evidence for cold accretion on to an elliptical galaxy}",
     keywords = {galaxies: individual: Hoag's Object, galaxies: kinematics and dynamics, galaxies: peculiar, galaxies: photometry, Astrophysics - Cosmology and Nongalactic Astrophysics},
         year = 2011,
        month = dec,
       volume = {418},
       number = {3},
        pages = {1834-1849},
          doi = {10.1111/j.1365-2966.2011.19601.x},
archivePrefix = {arXiv},
       eprint = {1108.3079},
 primaryClass = {astro-ph.CO},
       adsurl = {https://ui.adsabs.harvard.edu/abs/2011MNRAS.418.1834F},
      adsnote = {Provided by the SAO/NASA Astrophysics Data System}
}

@ARTICLE{1972ApJ...178..623T,
       author = {{Toomre}, Alar and {Toomre}, Juri},
        title = "{Galactic Bridges and Tails}",
         year = 1972,
        month = dec,
       volume = {178},
        pages = {623-666},
          doi = {10.1086/151823},
       adsurl = {https://ui.adsabs.harvard.edu/abs/1972ApJ...178..623T},
      adsnote = {Provided by the SAO/NASA Astrophysics Data System}
}

@ARTICLE{1974free,
       author = {{Freeman}, K.~C. and {de Vaucouleurs}, G.},
        title = "{An interpretation of ring galaxies and the properties of intergalactic gas clouds.}",
     keywords = {Cosmic Gases, Galactic Structure, Intergalactic Media, Ring Galaxies, Spiral Galaxies, Astronomical Maps, Cloud Physics, Elliptical Galaxies, Galactic Evolution, Gas Density, H Ii Regions, Peculiar Galaxies, Radial Velocity, Tables (Data), Astrophysics},
         year = 1974,
        month = dec,
       volume = {194},
        pages = {569-585},
          doi = {10.1086/153276},
       adsurl = {https://ui.adsabs.harvard.edu/abs/1974ApJ...194..569F},
      adsnote = {Provided by the SAO/NASA Astrophysics Data System}
}

@INPROCEEDINGS{2008ASPC..381..128A,
       author = {{Appleton}, P.~N. and {Gil de Paz}, A. and {Madore}, B. and {Reach}, W. and {Struck}, C. and {Brandl}, B. and {Jarrett}, T. and {Fadda}, D. and {Charmadaris}, V. and {Armus}, L. and {Smith}, B. and {Mazzarella}, J. and {Lord}, S. and {Laine}, S. and {Borne}, K.},
        title = "{Massive Star Formation and Dust in Collisional Ring Galaxies: From GALEX to Spitzer}",
    booktitle = {Infrared Diagnostics of Galaxy Evolution},
         year = 2008,
       editor = {{Chary}, R. -R. and {Teplitz}, H.~I. and {Sheth}, K.},
       series = {Astronomical Society of the Pacific Conference Series},
       volume = {381},
        month = mar,
        pages = {128},
       adsurl = {https://ui.adsabs.harvard.edu/abs/2008ASPC..381..128A},
      adsnote = {Provided by the SAO/NASA Astrophysics Data System}
}

@ARTICLE{prestwich2012,
    author = {{Prestwich}, A.~H. and {Galache}, J.~L. and {Linden}, T. and {Kalogera}, V. and {Zezas}, A. and {Roberts}, T.~P. and {Kilgard}, R. and {Wolter}, A. and {Trinchieri}, G.},
    title = "{Chandra Observations of the Collisional Ring Galaxy NGC 922}",
    year = 2012,
    volume = {747},
    number = {2},
    pages = {150},
    doi = {10.1088/0004-637X/747/2/150},
    archivePrefix = {arXiv},
    eprint = {1212.1124},
    primaryClass = {astro-ph.HE},
    adsurl = {https://ui.adsabs.harvard.edu/abs/2012ApJ...747..150P},
    adsnote = {Provided by the SAO/NASA Astrophysics Data System}
}

@ARTICLE{2022MNRAS.514.1689Z,
       author = {{Zaragoza-Cardiel}, Javier and {G{\'o}mez-Gonz{\'a}lez}, V. Mauricio A. and {Mayya}, Divakara and {Ramos-Larios}, Gerardo},
        title = "{Nebular abundance gradient in the Cartwheel galaxy using MUSE data}",
     keywords = {galaxies: star clusters, galaxies: individual, galaxies: abundances, Astrophysics - Astrophysics of Galaxies},
         year = 2022,
        month = aug,
       volume = {514},
       number = {2},
        pages = {1689-1705},
          doi = {10.1093/mnras/stac1423},
archivePrefix = {arXiv},
       eprint = {2205.09150},
 primaryClass = {astro-ph.GA},
       adsurl = {https://ui.adsabs.harvard.edu/abs/2022MNRAS.514.1689Z},
      adsnote = {Provided by the SAO/NASA Astrophysics Data System}
}

@ARTICLE{2010MNRAS.406.1116P,
       author = {{Pizzolato}, Fabio and {Wolter}, Anna and {Trinchieri}, Ginevra},
        title = "{Chandra observations of the ULX N10 in the Cartwheel galaxy}",
     keywords = {accretion, accretion discs, galaxies: individual: Cartwheel, X-rays: binaries, X-rays: galaxies},
         year = 2010,
        month = aug,
       volume = {406},
       number = {2},
        pages = {1116-1124},
          doi = {10.1111/j.1365-2966.2010.16735.x},
       adsurl = {https://ui.adsabs.harvard.edu/abs/2010MNRAS.406.1116P},
      adsnote = {Provided by the SAO/NASA Astrophysics Data System}
}

@ARTICLE{2024MNRAS.527.4112S,
       author = {{Smirnov}, Daniil V. and {Mosenkov}, Aleksandr V. and {Reshetnikov}, Vladimir P.},
        title = "{Polar-ring galaxies in the Illustris TNG50 simulation}",
     keywords = {galaxies: evolution, galaxies: formation, galaxies: interactions, galaxies: peculiar, Astrophysics - Astrophysics of Galaxies},
         year = 2024,
        month = jan,
       volume = {527},
       number = {2},
        pages = {4112-4128},
          doi = {10.1093/mnras/stad3368},
archivePrefix = {arXiv},
       eprint = {2310.18597},
 primaryClass = {astro-ph.GA},
       adsurl = {https://ui.adsabs.harvard.edu/abs/2024MNRAS.527.4112S},
      adsnote = {Provided by the SAO/NASA Astrophysics Data System}
}

@ARTICLE{2022MNRAS.516.3692S,
       author = {{Smirnov}, Daniil V. and {Reshetnikov}, Vladimir P.},
        title = "{The luminosity function of ringed galaxies}",
     keywords = {galaxies: evolution, galaxies: interactions, galaxies: peculiar, galaxies: statistics, Astrophysics - Astrophysics of Galaxies},
         year = 2022,
        month = nov,
       volume = {516},
       number = {3},
        pages = {3692-3700},
          doi = {10.1093/mnras/stac2549},
archivePrefix = {arXiv},
       eprint = {2209.06875},
 primaryClass = {astro-ph.GA},
       adsurl = {https://ui.adsabs.harvard.edu/abs/2022MNRAS.516.3692S},
      adsnote = {Provided by the SAO/NASA Astrophysics Data System}
}

@ARTICLE{1976ApJ...208..650T,
       author = {{Theys}, J.~C. and {Spiegel}, E.~A.},
        title = "{Ring galaxies. I.}",
     keywords = {Astronomical Models, Elliptical Galaxies, Galactic Structure, Ring Galaxies, Spiral Galaxies, Astronomical Spectroscopy, Classifications, Galactic Nuclei, Radial Velocity, Three Dimensional Models, Ubv Spectra, Visual Photometry, Astrophysics},
         year = 1976,
        month = sep,
       volume = {208},
        pages = {650-661},
          doi = {10.1086/154646},
       adsurl = {https://ui.adsabs.harvard.edu/abs/1976ApJ...208..650T},
      adsnote = {Provided by the SAO/NASA Astrophysics Data System}
}

@ARTICLE{2019MNRAS.489..241M,
       author = {{Mendes de Oliveira}, C. and {Ribeiro}, T. and {Schoenell}, W. and {Kanaan}, A. and {Overzier}, R.~A. and {Molino}, A. and {Sampedro}, L. and {Coelho}, P. and {Barbosa}, C.~E. and {Cortesi}, A. and {Costa-Duarte}, M.~V. and {Herpich}, F.~R. and {Hernandez-Jimenez}, J.~A. and {Placco}, V.~M. and {Xavier}, H.~S. and {Abramo}, L.~R. and {Saito}, R.~K. and {Chies-Santos}, A.~L. and {Ederoclite}, A. and {Lopes de Oliveira}, R. and {Gon{\c{c}}alves}, D.~R. and {Akras}, S. and {Almeida}, L.~A. and {Almeida-Fernandes}, F. and {Beers}, T.~C. and {Bonatto}, C. and {Bonoli}, S. and {Cypriano}, E.~S. and {Vinicius-Lima}, E. and {de Souza}, R.~S. and {Fabiano de Souza}, G. and {Ferrari}, F. and {Gon{\c{c}}alves}, T.~S. and {Gonzalez}, A.~H. and {Guti{\'e}rrez-Soto}, L.~A. and {Hartmann}, E.~A. and {Jaffe}, Y. and {Kerber}, L.~O. and {Lima-Dias}, C. and {Lopes}, P.~A.~A. and {Menendez-Delmestre}, K. and {Nakazono}, L.~M.~I. and {Novais}, P.~M. and {Ortega-Minakata}, R.~A. and {Pereira}, E.~S. and {Perottoni}, H.~D. and {Queiroz}, C. and {Reis}, R.~R.~R. and {Santos}, W.~A. and {Santos-Silva}, T. and {Santucci}, R.~M. and {Barbosa}, C.~L. and {Siffert}, Beatriz B. and {Sodr{\'e}}, L. and {Torres-Flores}, S. and {Westera}, P. and {Whitten}, D.~D. and {Alcaniz}, J.~S. and {Alonso-Garc{\'\i}a}, Javier and {Alencar}, S. and {Alvarez-Candal}, A. and {Amram}, P. and {Azanha}, L. and {Barb{\'a}}, R.~H. and {Bernardinelli}, P.~H. and {Borges Fernandes}, M. and {Branco}, V. and {Brito-Silva}, D. and {Buzzo}, M.~L. and {Caffer}, J. and {Campillay}, A. and {Cano}, Z. and {Carvano}, J.~M. and {Castejon}, M. and {Cid Fernandes}, R. and {Dantas}, M.~L.~L. and {Daflon}, S. and {Damke}, G. and {de la Reza}, R. and {de Melo de Azevedo}, L.~J. and {De Paula}, D.~F. and {Diem}, K.~G. and {Donnerstein}, R. and {Dors}, O.~L. and {Dupke}, R. and {Eikenberry}, S. and {Escudero}, Carlos G. and {Faifer}, Favio R. and {Far{\'\i}as}, H. and {Fernandes}, B. and {Fernandes}, C. and {Fontes}, S. and {Galarza}, A. and {Hirata}, N.~S.~T. and {Katena}, L. and {Gregorio-Hetem}, J. and {Hern{\'a}ndez-Fern{\'a}ndez}, J.~D. and {Izzo}, L. and {Jaque Arancibia}, M. and {Jatenco-Pereira}, V. and {Jim{\'e}nez-Teja}, Y. and {Kann}, D.~A. and {Krabbe}, A.~C. and {Labayru}, C. and {Lazzaro}, D. and {Lima Neto}, G.~B. and {Lopes}, Amanda R. and {Magalh{\~a}es}, R. and {Makler}, M. and {de Menezes}, R. and {Miralda-Escud{\'e}}, J. and {Monteiro-Oliveira}, R. and {Montero-Dorta}, A.~D. and {Mu{\~n}oz-Elgueta}, N. and {Nemmen}, R.~S. and {Nilo Castell{\'o}n}, J.~L. and {Oliveira}, A.~S. and {Ort{\'\i}z}, D. and {Pattaro}, E. and {Pereira}, C.~B. and {Quint}, B. and {Riguccini}, L. and {Rocha Pinto}, H.~J. and {Rodrigues}, I. and {Roig}, F. and {Rossi}, S. and {Saha}, Kanak and {Santos}, R. and {Schnorr M{\"u}ller}, A. and {Sesto}, Leandro A. and {Silva}, R. and {Smith Castelli}, Analia V. and {Teixeira}, R. and {Telles}, E. and {Thom de Souza}, R.~C. and {Th{\"o}ne}, C. and {Trevisan}, M. and {de Ugarte Postigo}, A. and {Urrutia-Viscarra}, F. and {Veiga}, C.~H. and {Vika}, M. and {Vitorelli}, A.~Z. and {Werle}, A. and {Werner}, S.~V. and {Zaritsky}, D.},
        title = "{The Southern Photometric Local Universe Survey (S-PLUS): improved SEDs, morphologies, and redshifts with 12 optical filters}",
     keywords = {surveys, stars: general, galaxies: clusters: general, galaxies: photometry, quasars: general, Astrophysics - Astrophysics of Galaxies, Astrophysics - Cosmology and Nongalactic Astrophysics, Astrophysics - High Energy Astrophysical Phenomena, Astrophysics - Instrumentation and Methods for Astrophysics, Astrophysics - Solar and Stellar Astrophysics},
         year = 2019,
        month = oct,
       volume = {489},
       number = {1},
        pages = {241-267},
          doi = {10.1093/mnras/stz1985},
archivePrefix = {arXiv},
       eprint = {1907.01567},
 primaryClass = {astro-ph.GA},
       adsurl = {https://ui.adsabs.harvard.edu/abs/2019MNRAS.489..241M},
      adsnote = {Provided by the SAO/NASA Astrophysics Data System}
}

@ARTICLE{2019A&A...622A.176C,
       author = {{Cenarro}, A.~J. and {Moles}, M. and {Crist{\'o}bal-Hornillos}, D. and {Mar{\'\i}n-Franch}, A. and {Ederoclite}, A. and {Varela}, J. and {L{\'o}pez-Sanjuan}, C. and {Hern{\'a}ndez-Monteagudo}, C. and {Angulo}, R.~E. and {V{\'a}zquez Rami{\'o}}, H. and {Viironen}, K. and {Bonoli}, S. and {Orsi}, A.~A. and {Hurier}, G. and {San Roman}, I. and {Greisel}, N. and {Vilella-Rojo}, G. and {D{\'\i}az-Garc{\'\i}a}, L.~A. and {Logro{\~n}o-Garc{\'\i}a}, R. and {Gurung-L{\'o}pez}, S. and {Spinoso}, D. and {Izquierdo-Villalba}, D. and {Aguerri}, J.~A.~L. and {Allende Prieto}, C. and {Bonatto}, C. and {Carvano}, J.~M. and {Chies-Santos}, A.~L. and {Daflon}, S. and {Dupke}, R.~A. and {Falc{\'o}n-Barroso}, J. and {Gon{\c{c}}alves}, D.~R. and {Jim{\'e}nez-Teja}, Y. and {Molino}, A. and {Placco}, V.~M. and {Solano}, E. and {Whitten}, D.~D. and {Abril}, J. and {Ant{\'o}n}, J.~L. and {Bello}, R. and {Bielsa de Toledo}, S. and {Castillo-Ram{\'\i}rez}, J. and {Chueca}, S. and {Civera}, T. and {D{\'\i}az-Mart{\'\i}n}, M.~C. and {Dom{\'\i}nguez-Mart{\'\i}nez}, M. and {Garzar{\'a}n-Calderaro}, J. and {Hern{\'a}ndez-Fuertes}, J. and {Iglesias-Marzoa}, R. and {I{\~n}iguez}, C. and {Jim{\'e}nez Ruiz}, J.~M. and {Kruuse}, K. and {Lamadrid}, J.~L. and {Lasso-Cabrera}, N. and {L{\'o}pez-Alegre}, G. and {L{\'o}pez-Sainz}, A. and {Ma{\'\i}cas}, N. and {Moreno-Signes}, A. and {Muniesa}, D.~J. and {Rodr{\'\i}guez-Llano}, S. and {Rueda-Teruel}, F. and {Rueda-Teruel}, S. and {Soriano-Lagu{\'\i}a}, I. and {Tilve}, V. and {Valdivielso}, L. and {Yanes-D{\'\i}az}, A. and {Alcaniz}, J.~S. and {Mendes de Oliveira}, C. and {Sodr{\'e}}, L. and {Coelho}, P. and {Lopes de Oliveira}, R. and {Tamm}, A. and {Xavier}, H.~S. and {Abramo}, L.~R. and {Akras}, S. and {Alfaro}, E.~J. and {Alvarez-Candal}, A. and {Ascaso}, B. and {Beasley}, M.~A. and {Beers}, T.~C. and {Borges Fernandes}, M. and {Bruzual}, G.~R. and {Buzzo}, M.~L. and {Carrasco}, J.~M. and {Cepa}, J. and {Cortesi}, A. and {Costa-Duarte}, M.~V. and {De Pr{\'a}}, M. and {Favole}, G. and {Galarza}, A. and {Galbany}, L. and {Garcia}, K. and {Gonz{\'a}lez Delgado}, R.~M. and {Gonz{\'a}lez-Serrano}, J.~I. and {Guti{\'e}rrez-Soto}, L.~A. and {Hernandez-Jimenez}, J.~A. and {Kanaan}, A. and {Kuncarayakti}, H. and {Landim}, R.~C.~G. and {Laur}, J. and {Licandro}, J. and {Lima Neto}, G.~B. and {Lyman}, J.~D. and {Ma{\'\i}z Apell{\'a}niz}, J. and {Miralda-Escud{\'e}}, J. and {Morate}, D. and {Nogueira-Cavalcante}, J.~P. and {Novais}, P.~M. and {Oncins}, M. and {Oteo}, I. and {Overzier}, R.~A. and {Pereira}, C.~B. and {Rebassa-Mansergas}, A. and {Reis}, R.~R.~R. and {Roig}, F. and {Sako}, M. and {Salvador-Rusi{\~n}ol}, N. and {Sampedro}, L. and {S{\'a}nchez-Bl{\'a}zquez}, P. and {Santos}, W.~A. and {Schmidtobreick}, L. and {Siffert}, B.~B. and {Telles}, E. and {Vilchez}, J.~M.},
        title = "{J-PLUS: The Javalambre Photometric Local Universe Survey}",
     keywords = {surveys, astronomical databases: miscellaneous, techniques: photometric, stars: general, Galaxy: general, galaxies: general, Astrophysics - Astrophysics of Galaxies, Astrophysics - Cosmology and Nongalactic Astrophysics},
         year = 2019,
        month = feb,
       volume = {622},
          eid = {A176},
        pages = {A176},
          doi = {10.1051/0004-6361/201833036},
archivePrefix = {arXiv},
       eprint = {1804.02667},
 primaryClass = {astro-ph.GA},
       adsurl = {https://ui.adsabs.harvard.edu/abs/2019A&A...622A.176C},
      adsnote = {Provided by the SAO/NASA Astrophysics Data System}
}

@ARTICLE{2022MNRAS.511.4590A,
       author = {{Almeida-Fernandes}, F. and {SamPedro}, L. and {Herpich}, F.~R. and {Molino}, A. and {Barbosa}, C.~E. and {Buzzo}, M.~L. and {Overzier}, R.~A. and {de Lima}, E.~V.~R. and {Nakazono}, L.~M.~I. and {Oliveira Schwarz}, G.~B. and {Perottoni}, H.~D. and {Bolutavicius}, G.~F. and {Guti{\'e}rrez-Soto}, L.~A. and {Santos-Silva}, T. and {Vitorelli}, A.~Z. and {Werle}, A. and {Whitten}, D.~D. and {Costa Duarte}, M.~V. and {Bom}, C.~R. and {Coelho}, P. and {Sodr{\'e}}, L. and {Placco}, V.~M. and {Teixeira}, G.~S.~M. and {Alonso-Garc{\'\i}a}, J. and {Barbosa}, C.~L. and {Beers}, T.~C. and {Bonatto}, C.~J. and {Chies-Santos}, A.~L. and {Hartmann}, E.~A. and {Lopes de Oliveira}, R. and {Navarete}, F. and {Kanaan}, A. and {Ribeiro}, T. and {Schoenell}, W. and {Mendes de Oliveira}, C.},
        title = "{Data Release 2 of S-PLUS: Accurate template-fitting based photometry covering  1000 deg$^{2}$ in 12 optical filters}",
     keywords = {techniques: photometric, astronomical data bases: miscellaneous, catalogues, surveys, stars: general, galaxies: general, Astrophysics - Instrumentation and Methods for Astrophysics, Astrophysics - Astrophysics of Galaxies, Astrophysics - Solar and Stellar Astrophysics},
         year = 2022,
        month = apr,
       volume = {511},
       number = {3},
        pages = {4590-4618},
          doi = {10.1093/mnras/stac284},
archivePrefix = {arXiv},
       eprint = {2104.00020},
 primaryClass = {astro-ph.IM},
       adsurl = {https://ui.adsabs.harvard.edu/abs/2022MNRAS.511.4590A},
      adsnote = {Provided by the SAO/NASA Astrophysics Data System}
}

@ARTICLE{2020MNRAS.499.3884M,
       author = {{Molino}, A. and {Costa-Duarte}, M.~V. and {Sampedro}, L. and {Herpich}, F.~R. and {Sodr{\'e}}, L., Jr. and {Mendes de Oliveira}, C. and {Schoenell}, W. and {Barbosa}, C.~E. and {Queiroz}, C. and {Lima}, E.~V.~R. and {Azanha}, L. and {Mu{\~n}oz-Elgueta}, N. and {Ribeiro}, T. and {Kanaan}, A. and {Hernandez-Jimenez}, J.~A. and {Cortesi}, A. and {Akras}, S. and {Lopes de Oliveira}, R. and {Torres-Flores}, S. and {Lima-Dias}, C. and {Castellon}, J.~L. Nilo and {Damke}, G. and {Alvarez-Candal}, A. and {Jim{\'e}nez-Teja}, Y. and {Coelho}, P. and {Pereira}, E. and {Montero-Dorta}, A.~D. and {Ben{\'\i}tez}, N. and {Gon{\c{c}}alves}, T.~S. and {Santana-Silva}, L. and {Werner}, S.~V. and {Almeida}, L.~A. and {Lopes}, P.~A.~A. and {Chies-Santos}, A.~L. and {Telles}, E. and {de Souza}, Thom and {C}, R. and {Gon{\c{c}}alves}, D.~R. and {de Souza}, R.~S. and {Makler}, M. and {Buzzo}, M.~L. and {Placco}, V.~M. and {Nakazono}, L.~M.~I. and {Saito}, R.~K. and {Overzier}, R.~A. and {Abramo}, L.~R.},
        title = "{Assessing the photometric redshift precision of the S-PLUS survey: the Stripe-82 as a test-case}",
     keywords = {surveys, galaxies: clusters: general, galaxies: distances and redshifts, cosmology: large-scale structure of Universe, techniques: photometric, Astrophysics - Astrophysics of Galaxies},
         year = 2020,
        month = dec,
       volume = {499},
       number = {3},
        pages = {3884-3908},
          doi = {10.1093/mnras/staa1586},
archivePrefix = {arXiv},
       eprint = {1907.06315},
 primaryClass = {astro-ph.GA},
       adsurl = {https://ui.adsabs.harvard.edu/abs/2020MNRAS.499.3884M},
      adsnote = {Provided by the SAO/NASA Astrophysics Data System}
}

@ARTICLE{1996A&AS..117..393B,
       author = {{Bertin}, E. and {Arnouts}, S.},
        title = "{SExtractor: Software for source extraction.}",
     keywords = {METHODS: DATA ANALYSIS, TECHNIQUES: IMAGE PROCESSING, GALAXIES: PHOTOMETRY},
         year = 1996,
        month = jun,
       volume = {117},
        pages = {393-404},
          doi = {10.1051/aas:1996164},
       adsurl = {https://ui.adsabs.harvard.edu/abs/1996A&AS..117..393B},
      adsnote = {Provided by the SAO/NASA Astrophysics Data System}
}

@ARTICLE{1980ApJS...43..305K,
       author = {{Kron}, R.~G.},
        title = "{Photometry of a complete sample of faint galaxies.}",
     keywords = {Astronomical Photometry, Galactic Radiation, Galaxies, Star Distribution, Calibrating, Colorimetry, Distribution Functions, Galactic Evolution, Luminous Intensity, Tables (Data), Astronomy},
         year = 1980,
        month = jun,
       volume = {43},
        pages = {305-325},
          doi = {10.1086/190669},
       adsurl = {https://ui.adsabs.harvard.edu/abs/1980ApJS...43..305K},
      adsnote = {Provided by the SAO/NASA Astrophysics Data System}
}

@ARTICLE{1976ApJ...209L...1P,
       author = {{Petrosian}, V.},
        title = "{Surface Brightness and Evolution of Galaxies}",
     keywords = {Astronomical Models, Galactic Evolution, Luminous Intensity, Red Shift, Surface Properties, Big Bang Cosmology, Cosmology, Hubble Diagram, Iterative Solution, Point Sources, Astrophysics},
         year = 1976,
        month = dec,
       volume = {210},
        pages = {L53},
          doi = {10.1086/18230110.1086/182253},
       adsurl = {https://ui.adsabs.harvard.edu/abs/1976ApJ...209L...1P},
      adsnote = {Provided by the SAO/NASA Astrophysics Data System}
}

@ARTICLE{2011MNRAS.418..244M,
       author = {{Moiseev}, Alexei V. and {Smirnova}, Ksenia I. and {Smirnova}, Aleksandrina A. and {Reshetnikov}, Vladimir P.},
        title = "{A new catalogue of polar-ring galaxies selected from the Sloan Digital Sky Survey}",
     keywords = {galaxies: interactions, galaxies: kinematics and dynamics, galaxies: peculiar, Astrophysics - Cosmology and Nongalactic Astrophysics},
         year = 2011,
        month = nov,
       volume = {418},
       number = {1},
        pages = {244-257},
          doi = {10.1111/j.1365-2966.2011.19479.x},
archivePrefix = {arXiv},
       eprint = {1107.1966},
 primaryClass = {astro-ph.CO},
       adsurl = {https://ui.adsabs.harvard.edu/abs/2011MNRAS.418..244M},
      adsnote = {Provided by the SAO/NASA Astrophysics Data System}
}

@ARTICLE{1990AJ....100.1489W,
       author = {{Whitmore}, Bradley C. and {Lucas}, Ray A. and {McElroy}, Douglas B. and {Steiman-Cameron}, Thomas Y. and {Sackett}, Penny D. and {Olling}, Rob P.},
        title = "{New Observations and a Photographic Atlas of Polar-Ring Galaxies}",
     keywords = {Astronomical Catalogs, Astronomical Photography, Galactic Evolution, Galactic Structure, Ring Galaxies, Astronomical Models, Chaos, Interacting Galaxies, Spiral Galaxies, Astronomy, GALAXIES: INTERACTIONS},
         year = 1990,
        month = nov,
       volume = {100},
        pages = {1489},
          doi = {10.1086/115614},
       adsurl = {https://ui.adsabs.harvard.edu/abs/1990AJ....100.1489W},
      adsnote = {Provided by the SAO/NASA Astrophysics Data System}
}

@ARTICLE{2009ApJS..181..572M,
       author = {{Madore}, Barry F. and {Nelson}, Erica and {Petrillo}, Kristen},
        title = "{Atlas and Catalog of Collisional Ring Galaxies}",
     keywords = {galaxies: interactions, galaxies: luminosity function, mass function, galaxies: peculiar, Astrophysics - Cosmology and Extragalactic Astrophysics, Astrophysics - Galaxy Astrophysics},
         year = 2009,
        month = apr,
       volume = {181},
       number = {2},
        pages = {572-604},
          doi = {10.1088/0067-0049/181/2/572},
archivePrefix = {arXiv},
       eprint = {0902.4629},
 primaryClass = {astro-ph.CO},
       adsurl = {https://ui.adsabs.harvard.edu/abs/2009ApJS..181..572M},
      adsnote = {Provided by the SAO/NASA Astrophysics Data System}
}







